%YAML 1.1
%TAG !u! tag:unity3d.com,2011:
--- !u!243 &-5155386715433543114
AudioMixerGroupController:
  m_ObjectHideFlags: 0
  m_CorrespondingSourceObject: {fileID: 0}
  m_PrefabInstance: {fileID: 0}
  m_PrefabAsset: {fileID: 0}
  m_Name: SFX
  m_AudioMixer: {fileID: 24100000}
  m_GroupID: d479e15a0484cbb4bac5d0d2ee72cd5a
  m_Children: []
  m_Volume: 5d42c10fc30e9d64eaf5db0ffe010527
  m_Pitch: ac9eb9288d33087439b04f4d193ec863
  m_Send: 00000000000000000000000000000000
  m_Effects:
  - {fileID: 5543624243963911566}
  m_UserColorIndex: 0
  m_Mute: 0
  m_Solo: 0
  m_BypassEffects: 0
--- !u!243 &-4806411314837988652
AudioMixerGroupController:
  m_ObjectHideFlags: 0
  m_CorrespondingSourceObject: {fileID: 0}
  m_PrefabInstance: {fileID: 0}
  m_PrefabAsset: {fileID: 0}
  m_Name: Music
  m_AudioMixer: {fileID: 24100000}
  m_GroupID: 361239ecf56fea54a94d67be2f44bde2
  m_Children: []
  m_Volume: 6b07070ae7d58b14d82314ae661e698d
  m_Pitch: 51d0807290c21104d8840383d656ee42
  m_Send: 00000000000000000000000000000000
  m_Effects:
  - {fileID: 1994611497661022790}
  m_UserColorIndex: 0
  m_Mute: 0
  m_Solo: 0
  m_BypassEffects: 0
--- !u!244 &-4671554249885898439
AudioMixerEffectController:
  m_ObjectHideFlags: 3
  m_CorrespondingSourceObject: {fileID: 0}
  m_PrefabInstance: {fileID: 0}
  m_PrefabAsset: {fileID: 0}
  m_Name: 
  m_EffectID: d8d9ec957a281e8469d953df62409809
  m_EffectName: Attenuation
  m_MixLevel: f59f9a7d7fb130f44acf0c9a4ebe7440
  m_Parameters: []
  m_SendTarget: {fileID: 0}
  m_EnableWetMix: 0
  m_Bypass: 0
--- !u!243 &-731502118800911016
AudioMixerGroupController:
  m_ObjectHideFlags: 0
  m_CorrespondingSourceObject: {fileID: 0}
  m_PrefabInstance: {fileID: 0}
  m_PrefabAsset: {fileID: 0}
  m_Name: Master SFX
  m_AudioMixer: {fileID: 24100000}
  m_GroupID: 967455e0c17762e45bb9d2fc4a276187
  m_Children:
  - {fileID: -5155386715433543114}
  - {fileID: 4683407404248987409}
  m_Volume: 1bdddb2d411f629478c4bd7b80fb0fa9
  m_Pitch: 583e84e545215374bbbe8f653e5c22e7
  m_Send: 00000000000000000000000000000000
  m_Effects:
  - {fileID: -4671554249885898439}
  m_UserColorIndex: 0
  m_Mute: 0
  m_Solo: 0
  m_BypassEffects: 0
--- !u!241 &24100000
AudioMixerController:
  m_ObjectHideFlags: 0
  m_CorrespondingSourceObject: {fileID: 0}
  m_PrefabInstance: {fileID: 0}
  m_PrefabAsset: {fileID: 0}
  m_Name: MainMixer
  m_OutputGroup: {fileID: 0}
  m_MasterGroup: {fileID: 24300002}
  m_Snapshots:
  - {fileID: 24500006}
  m_StartSnapshot: {fileID: 24500006}
  m_SuspendThreshold: -80
  m_EnableSuspend: 1
  m_UpdateMode: 0
  m_ExposedParameters:
  - guid: 1bdddb2d411f629478c4bd7b80fb0fa9
    name: MasterSFXVolume
  - guid: f5d081d5973af1842adca8cfd22d0097
    name: MasterVolume
  - guid: 6b07070ae7d58b14d82314ae661e698d
    name: MusicVolume
  - guid: 5d42c10fc30e9d64eaf5db0ffe010527
    name: SFXVolume
  - guid: de5cd2852aefa6f49adf10a04ac5f449
    name: UIVolume
  m_AudioMixerGroupViews:
  - guids:
    - b19f55cea35a4b54d817d4bdb771a118
    - 361239ecf56fea54a94d67be2f44bde2
    - 967455e0c17762e45bb9d2fc4a276187
    - d479e15a0484cbb4bac5d0d2ee72cd5a
    - 833d260bce66e074db1b6f85e50616d4
    name: View
  m_CurrentViewIndex: 0
  m_TargetSnapshot: {fileID: 24500006}
--- !u!243 &24300002
AudioMixerGroupController:
  m_ObjectHideFlags: 0
  m_CorrespondingSourceObject: {fileID: 0}
  m_PrefabInstance: {fileID: 0}
  m_PrefabAsset: {fileID: 0}
  m_Name: Master
  m_AudioMixer: {fileID: 24100000}
  m_GroupID: b19f55cea35a4b54d817d4bdb771a118
  m_Children:
  - {fileID: -4806411314837988652}
  - {fileID: -731502118800911016}
  m_Volume: f5d081d5973af1842adca8cfd22d0097
  m_Pitch: 6be840dc517e3384db2dd90a9c39717a
  m_Send: 00000000000000000000000000000000
  m_Effects:
  - {fileID: 24400004}
  m_UserColorIndex: 0
  m_Mute: 0
  m_Solo: 0
  m_BypassEffects: 0
--- !u!244 &24400004
AudioMixerEffectController:
  m_ObjectHideFlags: 3
  m_CorrespondingSourceObject: {fileID: 0}
  m_PrefabInstance: {fileID: 0}
  m_PrefabAsset: {fileID: 0}
  m_Name: 
  m_EffectID: c0b46751003de344399f4c5d823c7479
  m_EffectName: Attenuation
  m_MixLevel: e37db7946d10e41459d0ea3e57650763
  m_Parameters: []
  m_SendTarget: {fileID: 0}
  m_EnableWetMix: 0
  m_Bypass: 0
--- !u!245 &24500006
AudioMixerSnapshotController:
  m_ObjectHideFlags: 0
  m_CorrespondingSourceObject: {fileID: 0}
  m_PrefabInstance: {fileID: 0}
  m_PrefabAsset: {fileID: 0}
  m_Name: Snapshot
  m_AudioMixer: {fileID: 24100000}
  m_SnapshotID: f8dfc766999c9d942b83c05d3512db7c
  m_FloatValues:
    de5cd2852aefa6f49adf10a04ac5f449: 20
    f5d081d5973af1842adca8cfd22d0097: 0.13552584
    6b07070ae7d58b14d82314ae661e698d: -3.9906845
    1bdddb2d411f629478c4bd7b80fb0fa9: -8.362404
    5d42c10fc30e9d64eaf5db0ffe010527: -0.16685188
  m_TransitionOverrides: {}
--- !u!244 &1994611497661022790
AudioMixerEffectController:
  m_ObjectHideFlags: 3
  m_CorrespondingSourceObject: {fileID: 0}
  m_PrefabInstance: {fileID: 0}
  m_PrefabAsset: {fileID: 0}
  m_Name: 
  m_EffectID: 72838a6e1eda48f4c8258976a037e4ab
  m_EffectName: Attenuation
  m_MixLevel: 6d2f2ae2781db4843a218c25dd0bfabd
  m_Parameters: []
  m_SendTarget: {fileID: 0}
  m_EnableWetMix: 0
  m_Bypass: 0
--- !u!243 &4683407404248987409
AudioMixerGroupController:
  m_ObjectHideFlags: 0
  m_CorrespondingSourceObject: {fileID: 0}
  m_PrefabInstance: {fileID: 0}
  m_PrefabAsset: {fileID: 0}
  m_Name: UI
  m_AudioMixer: {fileID: 24100000}
  m_GroupID: 833d260bce66e074db1b6f85e50616d4
  m_Children: []
  m_Volume: de5cd2852aefa6f49adf10a04ac5f449
  m_Pitch: c2de24c48cba59d41b2f2779d38ad464
  m_Send: 00000000000000000000000000000000
  m_Effects:
  - {fileID: 5701936847034158937}
  m_UserColorIndex: 0
  m_Mute: 0
  m_Solo: 0
  m_BypassEffects: 0
--- !u!244 &5543624243963911566
AudioMixerEffectController:
  m_ObjectHideFlags: 3
  m_CorrespondingSourceObject: {fileID: 0}
  m_PrefabInstance: {fileID: 0}
  m_PrefabAsset: {fileID: 0}
  m_Name: 
  m_EffectID: 461bb66ade778fb4c9d6afbf9a60ac3b
  m_EffectName: Attenuation
  m_MixLevel: 18ed21b4e9446a04aba9b563766cff10
  m_Parameters: []
  m_SendTarget: {fileID: 0}
  m_EnableWetMix: 0
  m_Bypass: 0
--- !u!244 &5701936847034158937
AudioMixerEffectController:
  m_ObjectHideFlags: 3
  m_CorrespondingSourceObject: {fileID: 0}
  m_PrefabInstance: {fileID: 0}
  m_PrefabAsset: {fileID: 0}
  m_Name: 
  m_EffectID: 7c5e5f19317b4ad4e9b21edcdb9c7394
  m_EffectName: Attenuation
  m_MixLevel: f068c7b50ebf52b4d9b0dd8086eb3406
  m_Parameters: []
  m_SendTarget: {fileID: 0}
  m_EnableWetMix: 0
  m_Bypass: 0
